%% NOTA: em vez de usar as letras e vogais com acento ou sinais gr\'aficos (como o c cedilhado -- \c c), algo normal agora no texto em LaTeX, use aqui suas formas no padr�o LaTeX, p. ex.:
%% \'a = a agudo (mesmo para outras vogais)
%% \^a = a circunflexo  
%% \`a = a craseado
%% \"a = a tremado
%% {\c c} = c cedilhado
%% Isto ainda � necess�rio para evitar inconsist�ncias na gera��o da lista de refer�ncias bibliogr�ficas.

@string{cs =      "Complex Systems"}
@string{pl =      "Physics Letters"}
@string{prl =     "Physical Review Letters"}
@string{pra =     "Physical Review A"}
@string{pla =     "Physics Letters A"}
@string{pre =     "Physical Review E"}
@string{pd =      "Physica D"}
@string{jcsc =    "Journal of Circuits, Systems and Computers"}
@string{jsv =     "Journal of Sound and Vibration"}
@string{ijbc =    "International Journal of Bifurcation and Chaos"}
@string{ijc =     "International Journal of Control"}
@string{ieeecas = "IEEE Transactions on Circuits and Systems"}
@string{jrssb =   "Journal of the Royal Statistical Society B"}
@string{n =       "Nature"}
@string{zn =      "Z. Naturforsch"}
@string{jfi =     "Zeitschrift fuer Naturforschung A"}


@inproceedings{maleki2011evaluation,
  title={An evaluation of vectorizing compilers},
  author={Maleki, Saeed and Gao, Yaoqing and Garzar, Maria J and Wong, Tommy and Padua, David A and others},
  booktitle={2011 International Conference on Parallel Architectures and Compilation Techniques},
  pages={372--382},
  year={2011},
  organization={IEEE}
}

@ARTICLE{2017arXiv170309824V,
   author = {{VanderPlas}, J.~T.},
    title = "{Understanding the Lomb-Scargle Periodogram}",
  journal = {ArXiv e-prints},
archivePrefix = "arXiv",
   eprint = {1703.09824},
 primaryClass = "astro-ph.IM",
 keywords = {Astrophysics - Instrumentation and Methods for Astrophysics},
     year = 2017,
    month = mar,
   adsurl = {http://adsabs.harvard.edu/abs/2017arXiv170309824V},
  adsnote = {Provided by the SAO/NASA Astrophysics Data System}
}

@article{press1989fast,
  title={Fast algorithm for spectral analysis of unevenly sampled data},
  author={Press, William H and Rybicki, George B},
  journal={The Astrophysical Journal},
  volume={338},
  pages={277--280},
  year={1989}
}

@article{frick1998wavelet,
  title={Wavelet analysis of signals with gaps},
  author={Frick, Peter and Grossmann, Alex and Tchamitchian, Philippe},
  journal={Journal of Mathematical Physics},
  volume={39},
  number={8},
  pages={4091--4107},
  year={1998},
  publisher={American Institute of Physics}
}


@article{lomb1976least,
  title={Least-squares frequency analysis of unequally spaced data},
  author={Lomb, Nicholas R},
  journal={Astrophysics and space science},
  volume={39},
  number={2},
  pages={447--462},
  year={1976},
  publisher={Springer}
}

@article{scargle1982studies,
  title={Studies in astronomical time series analysis. II-Statistical aspects of spectral analysis of unevenly spaced data},
  author={Scargle, Jeffrey D},
  journal={The Astrophysical Journal},
  volume={263},
  pages={835--853},
  year={1982}
}



>